% This file was created with JabRef 2.6.
% Encoding: UTF8

@BOOK{Bellman195706,
  title = {Dynamic Programming},
  publisher = {Princeton Univ Pr},
  year = {1957},
  author = {Richard Bellman},
  month = {6},
  isbn = {9780691079516},
  price = {$47.50},
  timestamp = {2011.02.04},
  url = {http://amazon.com/o/ASIN/069107951X/}
}

@ARTICLE{drugfire,
  author = {Ronald Roach},
  title = {Drugfire and IBIS help lawmen fight bad guys},
  journal = {Washington Business Journal},
  year = {1997},
  month = {May},
  owner = {rank},
  timestamp = {2011.02.05},
  url = {http://www.bizjournals.com/washington/stories/1997/05/19/focus6.html}
}

@MISC{no-sql,
  title = {NOSQL databases},
  owner = {rank},
  timestamp = {2011.02.04},
  url = {http://nosql-database.org/}
}

@comment{jabref-meta: selector_publisher:}

@comment{jabref-meta: selector_author:}

@comment{jabref-meta: selector_journal:}

@comment{jabref-meta: selector_keywords:}

